%% This BibTeX bibliography file was created using BibDesk.
%% http://bibdesk.sourceforge.net/

%% Created for Evgenii at 2016-07-31 12:46:59 +1000


%% Saved with string encoding Unicode (UTF-8)


@INBOOK{1992ASPC...23...68G,
       author = {{Gilliland}, Ronald L.},
        title = "{Details of Noise Sources and Reduction Processes}",
    booktitle = {Astronomical CCD Observing and Reduction Techniques},
         year = 1992,
       editor = {{Howell}, Steve B.},
       volume = {23},
       series = {Astronomical Society of the Pacific Conference Series},
        pages = {68},
       adsurl = {https://ui.adsabs.harvard.edu/abs/1992ASPC...23...68G},
      adsnote = {Provided by the SAO/NASA Astrophysics Data System}
}

@ARTICLE{2018A&A...616A...1G,
       author = {{Gaia Collaboration}},
        title = "{Gaia Data Release 2. Summary of the contents and survey properties}",
      journal = {\aap},
     keywords = {catalogs, astrometry, techniques: radial velocities, stars: fundamental parameters, stars: variables: general, minor planets, asteroids: general, Astrophysics - Astrophysics of Galaxies, Astrophysics - Instrumentation and Methods for Astrophysics},
         year = 2018,
        month = aug,
       volume = {616},
          eid = {A1},
        pages = {A1},
          doi = {10.1051/0004-6361/201833051},
archivePrefix = {arXiv},
       eprint = {1804.09365},
 primaryClass = {astro-ph.GA},
       adsurl = {https://ui.adsabs.harvard.edu/abs/2018A&A...616A...1G},
      adsnote = {Provided by the SAO/NASA Astrophysics Data System}
}

@article{bessell2005standard,
  title={Standard photometric systems},
  author={Bessell, Michael S},
  journal={Annu. Rev. Astron. Astrophys.},
  volume={43},
  pages={293--336},
  year={2005},
  publisher={Annual Reviews}
}

@ARTICLE{1996ApJ...458..600B,
       author = {{Basri}, Gibor and {Marcy}, Geoffrey W. and {Graham}, James R.},
        title = "{Lithium in Brown Dwarf Candidates: The Mass and Age of the Faintest Pleiades Stars}",
      journal = {\apj},
     keywords = {GALAXY: OPEN CLUSTERS AND ASSOCIATIONS: INDIVIDUAL NAME: PLEIADES, STARS: ABUNDANCES, STARS: EVOLUTION, STARS: LOW-MASS, BROWN DWARFS},
         year = 1996,
        month = feb,
       volume = {458},
        pages = {600},
          doi = {10.1086/176842},
       adsurl = {https://ui.adsabs.harvard.edu/abs/1996ApJ...458..600B},
      adsnote = {Provided by the SAO/NASA Astrophysics Data System}
}

@article{refId0,
	author = {{Percival, S. M.} and {Salaris, M.} and {Groenewegen, M. A. T.}},
	title = {The distance to the Pleiades - Main sequence fitting in the near infrared},
	DOI= "10.1051/0004-6361:20041694",
	url= "https://doi.org/10.1051/0004-6361:20041694",
	journal = {A\&A},
	year = 2005,
	volume = 429,
	number = 3,
	pages = "887-894",
}

@ARTICLE{2014PASP..126..597H,
       author = {{Hsyu}, Tiffany and {Johnson}, Christian I. and {Lee}, Young-Wook and
         {Rich}, R. Michael},
        title = "{Light-Element Chemistry and the Double Red Giant Branch in the Galactic Globular Cluster NGC 288}",
      journal = {\pasp},
     keywords = {Astrophysics - Solar and Stellar Astrophysics},
         year = "2014",
        month = "Jul",
       volume = {126},
       number = {941},
        pages = {597},
          doi = {10.1086/677400},
archivePrefix = {arXiv},
       eprint = {1406.5220},
 primaryClass = {astro-ph.SR},
       adsurl = {https://ui.adsabs.harvard.edu/abs/2014PASP..126..597H},
      adsnote = {Provided by the SAO/NASA Astrophysics Data System}
}

@ARTICLE{2000AJ....119..840S,
       author = {{Shetrone}, Matthew D. and {Keane}, Michael J.},
        title = "{Spectral Comparison of Red Giants in the Second-Parameter Globular Cluster Pair NGC 288 and NGC 362}",
      journal = {\aj},
     keywords = {GALAXY: GLOBULAR CLUSTERS: INDIVIDUAL: NGC NUMBER: NGC 288, GALAXY: GLOBULAR CLUSTERS: INDIVIDUAL: NGC NUMBER: NGC 362, STARS: ABUNDANCES, STARS: MASS LOSS},
         year = "2000",
        month = "Feb",
       volume = {119},
       number = {2},
        pages = {840-850},
          doi = {10.1086/301232},
       adsurl = {https://ui.adsabs.harvard.edu/abs/2000AJ....119..840S},
      adsnote = {Provided by the SAO/NASA Astrophysics Data System}
}

@ARTICLE{2000AJ....120.2569C,
       author = {{Chen}, Alfred Bing-Chih and {Tsay}, Wean-Shun and {Tsai}, Wen-Shu and
         {Lu}, Phillip K.},
        title = "{Spectral Energy Distribution and Abundances of NGC 288 Stars}",
      journal = {\aj},
     keywords = {Galaxy: Globular Clusters: General, Galaxy: Globular Clusters: Individual: NGC Number: NGC 288, Stars: Evolution, Stars: Fundamental Parameters, Methods: Statistical},
         year = "2000",
        month = "Nov",
       volume = {120},
       number = {5},
        pages = {2569-2578},
          doi = {10.1086/316808},
       adsurl = {https://ui.adsabs.harvard.edu/abs/2000AJ....120.2569C},
      adsnote = {Provided by the SAO/NASA Astrophysics Data System}
}

@ARTICLE{1984AA...139...79N,
       author = {{Nelles}, B. and {Seggewiss}, W.},
        title = "{A photometric metallicity scale for globular clusters based on stars with known curve of growth chemical abundances.}",
      journal = {\aap},
     keywords = {Giant Stars, Globular Clusters, Metallicity, Stellar Spectrophotometry, Abundance, Astronomical Catalogs, Errors, Astronomy},
         year = "1984",
        month = "Oct",
       volume = {139},
        pages = {79-84},
       adsurl = {https://ui.adsabs.harvard.edu/abs/1984A&A...139...79N},
      adsnote = {Provided by the SAO/NASA Astrophysics Data System}
}
